@article{[1],
	title = {Presidential Memorandum: Promoting Economic Competitiveness While Safeguarding Privacy, Civil  Rights, and Civil Liberties in Domestic Use of Unmanned Aircraft Systems},
	author = {The White House Office of the Press Secretary},
	year = {2015},
	journal = {Unmanned Aircraft Systems (UAS) Regulations and Policies}
	}

@article{[2],	
	title = {Public Law 112-95, Title III, Subtitle B – Unmanned Aircraft Systems},
	author = {Federal Aviation Administration},
	year = {2012},
	journal = {FAA Modernization and Reform ACT of 2012 Public Law}
	}

@article{[3],
	title = {Chapter 1, Subchapter A, Part 1, Definitions, Civil Aircraft, section 1.1},
	author = {Federal Aviation Administration},
	year = {2016},
	journal = {Title 14 Code of Federal Regulations}
	}	

@article{[4],
	title = {Chapter 1, Subchapter C, Part 21, Certification Procedures for Products and Parts},
	author = {Federal Aviation Administration},
	year = {2016},
	journal = {Title 14 Code of Federal Regulations}

@article{[5],
	title = {Clarification of the Applicability of Aircraft Registration Requirements for Unmanned Aircraft Systems(UAS) and Request for information Regarding Electronic Registration for UAS for UAS},
	author = {Transportation Department and the Federal Aviation Administration},
	year = {2015},
	journal = {Federal Aviation Administration Notices}
	}

@article{[6],
	title = {Interpretation of the Special Rule for Model Aircraft},
	author = {Federal Aviation Administration},
	year = {2012},
	journal = {14 CFR Part 91}
	}

@article{[7],
	title = {N JO 7210.891 – Unmanned Aircraft Operations in the National Airspace System (NAS)},
	author = {U.S. Department of Transportation},
	year = {2015},
	journal = {Federal Aviation Administration, Regulations and Policies, Orders and Notices}	
	}
@article{[8],
	title = {Introduction to TCAS II},	
	author = {Federal Aviation Administration},
	year = {2011},
	journal = {Federal Aviation Administration Advisory Circular}	
	}
@article{[9],
	title = {Literature Review on Detect, Sense, and Avoid Technology for Unmanned Aircraft Systems},
	author = {Air Traffic Organizations Planning Office of Aviation Research and Development},
	year = {2009},
	journal = {National Technical Information Service (NTIS)}
	} 
@article{[10],
	title = {Obstacle Size and Proximity Detection Using Stereo Images for Agile Aerial Robots},
	author = {Shibarchi Majumder, Rahul Shankar Mani, Shankar Prasad},
	year = {2015},
	journal = {2015 2nd International Conference on Signal Processing and Integrated Networks (SPIN)}
	}
@article{[11],
	title = {Pushbroom Stereo for High-Speed Navigation in Cluttered Environments},
	author = {Andrew J. Barry, Russ Tedrake},
	year = {2015},
	journal = {2015 IEEE International Conference on Robotics and Automation (ICRA)} 	
	}
@article{[12],
	title = {Multimodal Obstacle Detection and Collision Avoidance for Micro Aerial Vehicles},
	author = {Matthias Nieuwenhuisen, David Droeschel, Johannes Schneider, Dirk Holz, Thomas Labe, Sven Behnke},
	year = {2013},
	journal = {2013 European Conference on Mobile Robots (ECMR)}	
	} 

@article{[13],
	title = {High Fidelity Day and Night Stereo Mapping with Vegetation and Negative Obstacle Detection for Vision-in-the-Loop Walking},
	author = {Max Bajracharya, Jeremy Ma, Matt Malchano, Alex Perkins, Alfred A. Rizzi, Larry Matthies},
	year = {2013},
	journal = {2013 IEEE RSJ International Conference on Intelligent Robots and Systems (IROS)}	
	}

@article{[14],
	title = {Flight Test of a Radar-Based Tracking System for UAS Sense and Avoid},
	author = {D. Accardo, G. Fasano, L. Forlenza, A. Moccia and A. Rispoli},
	year = {2013},
	journal = {IEEE Transactions on Aerospace and Electronic Systems},
	volume = {49},
	number = {2},
	page = {1139-1160},	
	}
@article{[15],
	title = {Sensor fusion for sense and avoid for small UAS without ADS-B},
	author = {J. A. Jackson, J. D. Bošković and D. Diel},
	year = {2015},
	journal = {Unmanned Aircraft Systems (ICUAS)},
	page = {784-793}	
	}
@article{[16],
	title = {Morphological filtering and target tracking for vision-based UAS sense and avoid},
	author = {Fasano G., Accardo, D. Tirri A.E., Moccia A., De Lellis E.},
	year = {2014},
	journal = {Unmanned Aircraft Systems (ICUAS)},
	page = {430-440}	
	}

@article{[17],
	title = {Unmanned Aircraft System (UAS) Research and Future Analysis},
	author = {Chris Wargo, Gary Church, Mark Stout, Jason Glaneueski},
	year = {2014},
	journal = {IEEE 978-1-4799-1622-1/14}	
	}
	